@misc{herrera2020denise,
      title={Denise: Deep Learning based Robust PCA for Positive Semidefinite Matrices}, 
      author={Calypso Herrera and Florian Krach and Anastasis Kratsios and Pierre Ruyssen and Josef Teichmann},
      year={2020},
      eprint={2004.13612},
      archivePrefix={arXiv},
      primaryClass={stat.ML}
}

@misc{candes2009robust,
      title={Robust Principal Component Analysis?}, 
      author={Emmanuel J. Candes and Xiaodong Li and Yi Ma and John Wright},
      year={2009},
      eprint={0912.3599},
      archivePrefix={arXiv},
      primaryClass={cs.IT}
}
